

@article{doe2005,
	Author = {Jane L. Doe and John W. James},
	Journal = {Nonlinear Dynamics},
	Pages = {71--92},
	Title = {The Parameterization of the Rotation Matrix using Redundant Attitude Coordinates},
	Volume = {32},
	Number = {3},
	Year = {2005}}


@book{style1959,
	Address = {New York 17, New York},
	edition = {2nd},
	Publisher = {American Institute of Physics},
	Title = {Style Manual},
	Year = {1959}}
